@article{Zhu2017,
    title = {{A distributed and parallel control mechanism for self-reconfiguration of modular robots using L-systems and cellular automata}},
    year = {2017},
    journal = {Journal of Parallel and Distributed Computing},
    author = {Zhu, Yanhe and Bie, Dongyang and Wang, Xiaolu and Zhang, Yu and Jin, Hongzhe and Zhao, Jie},
    pages = {80--90},
    volume = {102},
    publisher = {Elsevier Inc.},
    url = {http://dx.doi.org/10.1016/j.jpdc.2016.11.016},
    doi = {10.1016/j.jpdc.2016.11.016},
    issn = {07437315},
    keywords = {Cellular automata, Distributed algorithm, L-systems, Modular robots, Parallel algorithm, Self-reconfiguration, Self-repair}
}

@article{Kaloutsakis2011,
    title = {{A stochastic self-replicating robot capable of hierarchical assembly}},
    year = {2011},
    journal = {Robotica},
    author = {Kaloutsakis, Georgios and Chirikjian, Gregory S.},
    number = {1 SPEC. ISSUE},
    pages = {137--152},
    volume = {29},
    isbn = {0263-5747},
    doi = {10.1017/S0263574710000780},
    issn = {02635747},
    keywords = {Manufacturing, Mechatronic systems, Mobile robots, Modular robots, Multi-robot systems, Robotic self-diagnosis, Robotic self-replication, Self-repair, Swarm robotics}
}

@inproceedings{Liedke2011,
    title = {{CoBoLD - A bonding mechanism for modular self-reconfigurable mobile robots}},
    year = {2011},
    booktitle = {2011 IEEE International Conference on Robotics and Biomimetics, ROBIO 2011},
    author = {Liedke, Jens and W{\"{o}}rn, Heinz},
    month = {12},
    pages = {2025--2030},
    publisher = {IEEE},
    url = {http://ieeexplore.ieee.org/document/6181589/},
    isbn = {9781457721373},
    doi = {10.1109/ROBIO.2011.6181589},
    keywords = {Bonding Mechanism, Docking Unit, Modular Robots, Self-Reconfiguration}
}

@article{Brunete2017,
    title = {{Current trends in reconfigurable modular robots design}},
    year = {2017},
    journal = {International Journal of Advanced Robotic Systems},
    author = {Brunete, Alberto and Ranganath, Avinash and Segovia, Sergio and de Frutos, Javier Perez and Hernando, Miguel and Gambao, Ernesto},
    number = {3},
    pages = {1--21},
    volume = {14},
    doi = {10.1177/1729881417710457},
    issn = {17298814},
    keywords = {Review, mobile, modular robot, reconfigurable}
}

@inproceedings{Tosun2016,
    title = {{Design and characterization of the EP-Face connector}},
    year = {2016},
    booktitle = {IEEE International Conference on Intelligent Robots and Systems},
    author = {Tosun, Tarik and Davey, Jay and Liu, Chao and Yim, Mark},
    month = {10},
    pages = {45--51},
    volume = {2016-Novem},
    publisher = {IEEE},
    url = {http://ieeexplore.ieee.org/document/7759033/},
    isbn = {9781509037629},
    doi = {10.1109/IROS.2016.7759033},
    issn = {21530866}
}

@inproceedings{FukudaDynamicallySystem,
    title = {{Dynamically reconfigurable robotic system}},
    booktitle = {Proceedings. 1988 IEEE International Conference on Robotics and Automation},
    author = {Fukuda, T. and Nakagawa, S.},
    pages = {1581--1586},
    publisher = {IEEE Comput. Soc. Press},
    url = {http://ieeexplore.ieee.org/document/12291/},
    isbn = {0-8186-0852-8},
    doi = {10.1109/ROBOT.1988.12291}
}

@article{Aloupis2013,
    title = {{Efficient reconfiguration of lattice-based modular robots}},
    year = {2013},
    journal = {Computational Geometry: Theory and Applications},
    author = {Aloupis, Greg and Benbernou, Nadia and Damian, Mirela and Demaine, Erik D. and Flatland, Robin and Iacono, John and Wuhrer, Stefanie},
    number = {8},
    month = {10},
    pages = {917--928},
    volume = {46},
    publisher = {Elsevier},
    url = {https://www-sciencedirect-com.ezproxy.cul.columbia.edu/science/article/pii/S0925772113000242},
    doi = {10.1016/j.comgeo.2013.03.004},
    issn = {09257721},
    keywords = {Crystalline atoms, Cubical units Lattice-based modular robots, Modular robot reconfiguration algorithms, Self-reconfiguring modular robots}
}

@inproceedings{Davey2012,
    title = {{Emulating self-reconfigurable robots - Design of the SMORES system}},
    year = {2012},
    booktitle = {IEEE International Conference on Intelligent Robots and Systems},
    author = {Davey, Jay and Kwok, Ngai and Yim, Mark},
    month = {10},
    pages = {4464--4469},
    publisher = {IEEE},
    url = {http://ieeexplore.ieee.org/document/6385845/},
    isbn = {9781467317375},
    doi = {10.1109/IROS.2012.6385845},
    issn = {21530858}
}

@article{Chirikjian1996,
    title = {{Evaluating efficiency of self-reconfiguration in a class of modular robots}},
    year = {1996},
    journal = {Journal of Robotic Systems},
    author = {Chirikjian, Gregory and Pamecha, Amit and Ebert-Uphoff, Imme},
    number = {5},
    month = {5},
    pages = {317--338},
    volume = {13},
    publisher = {John Wiley {\&} Sons, Ltd},
    url = {http://doi.wiley.com/10.1002/%28SICI%291097-4563%28199605%2913%3A5%3C317%3A%3AAID-ROB5%3E3.0.CO%3B2-T},
    doi = {10.1002/(SICI)1097-4563(199605)13:5<317::AID-ROB5>3.0.CO;2-T},
    issn = {07412223},
    pmid = {21678141}
}

@article{Zykov2007,
    title = {{Evolved and designed self-reproducing modular robotics}},
    year = {2007},
    journal = {IEEE Transactions on Robotics},
    author = {Zykov, Victor and Mytilinaios, Efstathios and Desnoyer, Mark and Lipson, Hod},
    number = {2},
    pages = {308--319},
    volume = {23},
    url = {http://ieeexplore.},
    isbn = {1552-3098},
    doi = {10.1109/TRO.2007.894685},
    issn = {15523098},
    keywords = {Evolutionary computation, Modular robotics, Self-repair, Self-replication, Self-reproduction}
}

@inproceedings{inproceedings,
    title = {{Hybrid Approach : A Self-Reconfigurable Communication Network for Modular Robots}},
    year = {2007},
    author = {Franco, Ricardo and Garcia, Mendoza and Stoy, Kasper and Christensen, David Johan and Lyder, Andreas},
    pages = {23},
    doi = {10.1145/1377868.1377897}
}

@article{Rubenstein2014,
    title = {{Kilobot: A low cost robot with scalable operations designed for collective behaviors}},
    year = {2014},
    journal = {Robotics and Autonomous Systems},
    author = {Rubenstein, Michael and Ahler, Christian and Hoff, Nick and Cabrera, Adrian and Nagpal, Radhika},
    number = {7},
    pages = {966--975},
    volume = {62},
    publisher = {Elsevier B.V.},
    url = {http://dx.doi.org/10.1016/j.robot.2013.08.006},
    isbn = {9781467314039},
    doi = {10.1016/j.robot.2013.08.006},
    issn = {09218890},
    keywords = {Modular robot, Multi-robot system, Robot collectives}
}

@inproceedings{Chirikjian1994,
    title = {{Kinematics of a metamorphic robotic system}},
    booktitle = {Proceedings of the 1994 IEEE International Conference on Robotics and Automation},
    author = {Chirikjian, G.S.},
    pages = {449--455},
    publisher = {IEEE Comput. Soc. Press},
    url = {http://ieeexplore.ieee.org/document/351256/},
    isbn = {0-8186-5330-2},
    doi = {10.1109/ROBOT.1994.351256},
    issn = {10504729}
}

@article{Murata2002,
    title = {{M-TRAN: Self-reconfigurable modular robotic system}},
    year = {2002},
    journal = {IEEE/ASME Transactions on Mechatronics},
    author = {Murata, Satoshi and Yoshida, Eiichi and Kamimura, Akiya and Kurokawa, Haruhisa and Tomita, Kohji and Kokaji, Shigeru},
    number = {4},
    month = {12},
    pages = {431--441},
    volume = {7},
    url = {http://ieeexplore.ieee.org/document/1159221/},
    isbn = {1083-4435},
    doi = {10.1109/TMECH.2002.806220},
    issn = {10834435},
    keywords = {Distributed autonomous control, Metamorphic robotics, Modular robot, Reconfiguration planning, Self-reconfiguration}
}

@inproceedings{Lyder2008,
    title = {{Mechanical design of Odin, an extendable heterogeneous deformable modular robot}},
    year = {2008},
    booktitle = {2008 IEEE/RSJ International Conference on Intelligent Robots and Systems, IROS},
    author = {Lyder, Andreas and Garcia, Ricardo Franco Mendoza and Stoy, Kasper},
    month = {9},
    pages = {883--888},
    publisher = {IEEE},
    url = {http://ieeexplore.ieee.org/document/4650888/},
    isbn = {9781424420582},
    doi = {10.1109/IROS.2008.4650888}
}

@article{Baca2014,
    title = {{ModRED: Hardware design and reconfiguration planning for a high dexterity modular self-reconfigurable robot for extra-terrestrial exploration}},
    year = {2014},
    journal = {Robotics and Autonomous Systems},
    author = {Baca, Jos√© and Hossain, S. G.M. and Dasgupta, Prithviraj and Nelson, Carl A. and Dutta, Ayan},
    number = {7},
    pages = {1002--1015},
    volume = {62},
    publisher = {Elsevier B.V.},
    url = {http://dx.doi.org/10.1016/j.robot.2013.08.008},
    isbn = {978-1-4614-3485-6},
    doi = {10.1016/j.robot.2013.08.008},
    issn = {09218890},
    keywords = {Homogeneous, Modular robots, Self-reconfiguration planning}
}

@article{Moubarak2012,
    title = {{Modular and reconfigurable mobile robotics}},
    year = {2012},
    journal = {Robotics and Autonomous Systems},
    author = {Moubarak, Paul and Ben-Tzvi, Pinhas},
    number = {12},
    pages = {1648--1663},
    volume = {60},
    publisher = {Elsevier B.V.},
    url = {http://dx.doi.org/10.1016/j.robot.2012.09.002},
    doi = {10.1016/j.robot.2012.09.002},
    issn = {09218890},
    keywords = {Docking, Mobile robots, Modular, Reconfigurable}
}

@article{Gilpin2010,
    title = {{Modular robot systems}},
    year = {2010},
    journal = {IEEE Robotics and Automation Magazine},
    author = {Gilpin, Kyle and Rus, Daniela},
    number = {3},
    month = {9},
    pages = {38--55},
    volume = {17},
    url = {http://ieeexplore.ieee.org/document/5569030/},
    doi = {10.1109/MRA.2010.937859},
    issn = {10709932}
}

@article{Yim2007,
    title = {{Modular self-reconfigurable robot systems [Grand challenges of robotics]}},
    year = {2007},
    journal = {IEEE Robotics and Automation Magazine},
    author = {Yim, Mark and Shen, Wei Min and Salemi, Benham and Rus, Daniela and Moll, Mark and Lipson, Hod and Klavins, Eric and Chirikjian, Gregory S.},
    number = {1},
    month = {3},
    pages = {43--52},
    volume = {14},
    url = {http://ieeexplore.ieee.org/document/4141032/},
    isbn = {1070-9932 VO - 14},
    doi = {10.1109/MRA.2007.339623},
    issn = {10709932},
    pmid = {16689919},
    arxivId = {9780201398298},
    keywords = {Grand challenges, Modular, Robot, Self-reconfigurable, Self-reconfiguring}
}

@incollection{Yim2009MSRR,
    title = {{Modular Self-Reconfigurable Robots}},
    year = {2009},
    booktitle = {Encyclopedia of Complexity and Systems Science},
    author = {Yim, Mark and White, Paul and Park, Michael and Sastra, Jimmy},
    pages = {5618--5631},
    publisher = {Springer New York},
    url = {http://link.springer.com/10.1007/978-0-387-30440-3_334},
    address = {New York, NY},
    isbn = {978-0-387-30440-3},
    doi = {10.1007/978-0-387-30440-3{\_}334}
}

@inproceedings{Chih-HanYu2008,
    title = {{Morpho: A self-deformable modular robot inspired by cellular structure}},
    year = {2008},
    booktitle = {2008 IEEE/RSJ International Conference on Intelligent Robots and Systems, IROS},
    author = {Yu, Chih Han and Haller, Kristina and Ingber, Donald and Nagpal, Radhika},
    month = {9},
    pages = {3571--3578},
    publisher = {IEEE},
    url = {http://ieeexplore.ieee.org/document/4651130/},
    isbn = {9781424420582},
    doi = {10.1109/IROS.2008.4651130},
    issn = {1359-1053}
}

@inproceedings{SuperBotLocomotion,
    title = {{Multimode locomotion via superbot robots}},
    year = {2006},
    booktitle = {Proceedings - IEEE International Conference on Robotics and Automation},
    author = {Shen, Wei Min and Krivokon, Maks and Chiu, Harris and Everist, Jacob and Rubenstein, Michael and Venkatesh, Jagadesh},
    pages = {2552--2557},
    volume = {2006},
    publisher = {IEEE},
    url = {http://ieeexplore.ieee.org/document/1642086/},
    isbn = {0780395069},
    doi = {10.1109/ROBOT.2006.1642086},
    issn = {10504729},
    pmid = {11300517},
    keywords = {Modular robots, Self-reconfigurable and multifunctional robots, Space robots}
}

@inproceedings{Yim2000,
    title = {{PolyBot: a modular reconfigurable robot}},
    booktitle = {Proceedings 2000 ICRA. Millennium Conference. IEEE International Conference on Robotics and Automation. Symposia Proceedings (Cat. No.00CH37065)},
    author = {Yim, M. and Duff, D.G. and Roufas, K.D.},
    pages = {514--520},
    volume = {1},
    publisher = {IEEE},
    url = {http://ieeexplore.ieee.org/document/844106/},
    isbn = {0-7803-5886-4},
    doi = {10.1109/ROBOT.2000.844106},
    issn = {1050-4729}
}

@article{Roehr2014,
    title = {{Reconfigurable integrated multirobot exploration system (RIMRES): Heterogeneous modular reconfigurable robots for space exploration}},
    year = {2014},
    journal = {Journal of Field Robotics},
    author = {Roehr, Thomas M. and Cordes, Florian and Kirchner, Frank},
    number = {1},
    pages = {3--34},
    volume = {31},
    isbn = {9783902661623},
    doi = {10.1002/rob.21477},
    issn = {15564959},
    pmid = {22164016},
    arxivId = {10.1.1.91.5767}
}

@article{Xu2017,
    title = {{Reconfigurable Modular Chain: A Reversible Material for Folding Three-Dimensional Lattice Structures}},
    year = {2017},
    journal = {Journal of Mechanisms and Robotics},
    author = {Xu, Zhe and McCann, Connor and Dollar, Aaron M.},
    number = {2},
    pages = {025002},
    volume = {9},
    url = {http://mechanismsrobotics.asmedigitalcollection.asme.org/article.aspx?doi=10.1115/1.4035863},
    doi = {10.7163/PrzG.2017.1.3},
    issn = {00332143}
}

@article{Garcia2009,
    title = {{Reusable electronics and adaptable communication as implemented in the odin modular robot}},
    year = {2009},
    journal = {2009 IEEE International Conference on Robotics and Automation},
    author = {Garcia, Ricardo Franco Mendoza and Lyder, Andreas and Christensen, David Johan and St{\o}y, Kasper},
    month = {5},
    pages = {1152--1158},
    publisher = {IEEE},
    url = {http://ieeexplore.ieee.org/lpdocs/epic03/wrapper.htm?arnumber=5152811},
    isbn = {978-1-4244-2788-8},
    doi = {10.1109/ROBOT.2009.5152811},
    issn = {1050-4729}
}

@article{Sprowitz2014,
    title = {{Roombots: A hardware perspective on 3D self-reconfiguration and locomotion with a homogeneous modular robot}},
    year = {2014},
    journal = {Robotics and Autonomous Systems},
    author = {Spr{\"{o}}witz, A. and Moeckel, R. and Vespignani, M. and Bonardi, S. and Ijspeert, A. J.},
    number = {7},
    pages = {1016--1033},
    volume = {62},
    publisher = {Elsevier B.V.},
    url = {http://dx.doi.org/10.1016/j.robot.2013.08.011},
    isbn = {0921-8890},
    doi = {10.1016/j.robot.2013.08.011},
    issn = {09218890},
    pmid = {24568536},
    keywords = {Active connection mechanism, Grid environment, Homogeneous modular robotic system, Modular robots, Module climbing, Module joining, Self-reconfiguring}
}

@article{Sprowitz2014a,
    title = {{Roombots: A hardware perspective on 3D self-reconfiguration and locomotion with a homogeneous modular robot}},
    year = {2014},
    journal = {Robotics and Autonomous Systems},
    author = {Spr{\"{o}}witz, A. and Moeckel, R. and Vespignani, M. and Bonardi, S. and Ijspeert, A. J.},
    number = {7},
    month = {7},
    pages = {1016--1033},
    volume = {62},
    url = {https://linkinghub.elsevier.com/retrieve/pii/S0921889013001632},
    isbn = {0921-8890},
    doi = {10.1016/j.robot.2013.08.011},
    issn = {09218890},
    pmid = {24568536},
    keywords = {Active connection mechanism, Grid environment, Homogeneous modular robotic system, Modular robots, Module climbing, Module joining, Self-reconfiguring}
}

@book{Stoy2010,
    title = {{Self-reconfigurable robots : an introduction}},
    year = {2010},
    author = {Stoy, Kasper and Brandt, David and Christensen, David J.},
    pages = {195},
    publisher = {MIT Press},
    url = {https://www.researchgate.net/publication/258375304_Self-Reconfigurable_Robots_An_Introduction},
    isbn = {9780262013710}
}

@article{Rus2002,
    title = {{Self-reconfiguring robots}},
    year = {2002},
    journal = {Communications of the ACM},
    author = {Rus, Daniela and Butler, Zack and Kotay, Keith and Vona, Marsette},
    number = {3},
    month = {3},
    volume = {45},
    url = {http://portal.acm.org/citation.cfm?doid=504729.504752},
    doi = {10.1145/504729.504752},
    issn = {00010782}
}

@inproceedings{Amend2009,
    title = {{Shape-Shifting Materials for Programmable Structures}},
    year = {2009},
    booktitle = {International Conference on Ubiquitous Computing: Workshop on Architectural Robotics},
    author = {Amend, John R. and Lipson, Hod},
    url = {http://citeseerx.ist.psu.edu/viewdoc/summary?doi=10.1.1.375.6843},
    keywords = {acm classification keywords, architecture, granular, jamming phenomenon, materials, programmable matter, robotics}
}

@inproceedings{Kernbach2008,
    title = {{Symbiotic robot organisms}},
    year = {2008},
    booktitle = {Proceedings of the 8th Workshop on Performance Metrics for Intelligent Systems - PerMIS '08},
    author = {Kernbach, Serge and Thenius, Ronald and Corradi, Paolo and Ricotti, Leonardo and Meister, Eugen and Schlachter, Florian and Jebens, Kristof and Szymanski, Marc and Liedke, Jens and Laneri, Davide and Winkler, Lutz and Schmickl, Thomas},
    pages = {62},
    publisher = {ACM Press},
    url = {http://portal.acm.org/citation.cfm?doid=1774674.1774685},
    address = {New York, New York, USA},
    isbn = {9781605582931},
    doi = {10.1145/1774674.1774685}
}

@article{Hamlin1995,
    title = {{Tetrobot: a modular system for hyper-redundant parallel robotics}},
    year = {1995},
    journal = {Proceedings of 1995 IEEE International Conference on Robotics and Automation},
    author = {Hamlin, G.J. and Sanderson, A.C.},
    pages = {154--159},
    volume = {1},
    publisher = {IEEE},
    url = {http://ieeexplore.ieee.org/document/525278/},
    isbn = {0-7803-1965-6},
    doi = {10.1109/ROBOT.1995.525278},
    issn = {1050-4729}
}

@inproceedings{Nilsson,
    title = {{Why snake robots need torsion-free joints and how to design them}},
    year = {1998},
    booktitle = {Proceedings - IEEE International Conference on Robotics and Automation},
    author = {Nilsson, M.},
    pages = {412--417},
    volume = {1},
    publisher = {IEEE},
    url = {http://ieeexplore.ieee.org/document/676449/},
    isbn = {078034300X},
    doi = {10.1109/ROBOT.1998.676449},
    issn = {10504729},
    keywords = {CV-joint, Snake robot, joint, kinematics, locomotion, torsion-free, transmission, universal}
}

@incollection{Koseki2007CellularStructure,
    title = {{Cellular Robots Forming a Mechanical Structure}},
    year = {2007},
    booktitle = {Distributed Autonomous Robotic Systems 6},
    author = {Koseki, Michihiko and Minami, Kengo and Inou, Norio},
    pages = {139--148},
    publisher = {Springer Japan},
    url = {http://www.springerlink.com/index/10.1007/978-4-431-35873-2_14},
    address = {Tokyo},
    doi = {10.1007/978-4-431-35873-2{\_}14}
}

@techreport{Shape-ShiftingStructures,
    title = {{Shape-Shifting Materials for Programmable Structures}},
    url = {https://pdfs.semanticscholar.org/768f/6ef4319fac2f80ec1b56e3d1d15ba36a3778.pdf},
    keywords = {architecture ACM Classification Keywords I29 Robotics J5 Arts and Humanities-Architecture J2 Physical Sciences and Engineering-Physics, granular materials, jamming phenomenon, programmable matter, robotics}
}